% Use this file for citations not found in the ACL Anthology (contained in "anthology.bib").

@article{ning2024userllm,
  title   = {User-{LLM}: Efficient LLM Contextualization with User Embeddings},
  author  = {Ning, Lin and Liu, Luyang and Wu, Jiaxing and Wu, Neo and Berlowitz, Devora and Prakash, Sushant and Green, Bradley and O'Banion, Shawn and Xie, Jun},
  journal = {arXiv preprint arXiv:2402.13598},
  year    = {2024},
  url     = {https://arxiv.org/abs/2402.13598}
}

@article{doddapaneni2024userembeddingmodelpersonalized,
      title={User Embedding Model for Personalized Language Prompting}, 
      author={Sumanth Doddapaneni and Krishna Sayana and Ambarish Jash and Sukhdeep Sodhi and Dima Kuzmin},
      year={2024},
      eprint={2401.04858},
      archivePrefix={arXiv},
      primaryClass={cs.CL},
      url={https://arxiv.org/abs/2401.04858}, 
}

@article{hebert2024persomapersonalizedsoftprompt,
      title={PERSOMA: PERsonalized SOft ProMpt Adapter Architecture for Personalized Language Prompting}, 
      author={Liam Hebert and Krishna Sayana and Ambarish Jash and Alexandros Karatzoglou and Sukhdeep Sodhi and Sumanth Doddapaneni and Yanli Cai and Dima Kuzmin},
      year={2024},
      eprint={2408.00960},
      archivePrefix={arXiv},
      primaryClass={cs.CL},
      url={https://arxiv.org/abs/2408.00960}, 
}

@article{liu2024llmspersonaplug,
      title={LLMs + Persona-Plug = Personalized LLMs}, 
      author={Jiongnan Liu and Yutao Zhu and Shuting Wang and Xiaochi Wei and Erxue Min and Yu Lu and Shuaiqiang Wang and Dawei Yin and Zhicheng Dou},
      year={2024},
      eprint={2409.11901},
      archivePrefix={arXiv},
      primaryClass={cs.CL},
      url={https://arxiv.org/abs/2409.11901}, 
}

@article{lester2021powerscaleparameterefficientprompt,
      title={The Power of Scale for Parameter-Efficient Prompt Tuning}, 
      author={Brian Lester and Rami Al-Rfou and Noah Constant},
      year={2021},
      eprint={2104.08691},
      archivePrefix={arXiv},
      primaryClass={cs.CL},
      url={https://arxiv.org/abs/2104.08691}, 
}



@article{zhou2025bridgingcreativityunderstandinggap,
      title={Bridging the Creativity Understanding Gap: Small-Scale Human Alignment Enables Expert-Level Humor Ranking in LLMs}, 
      author={Kuan Lok Zhou and Jiayi Chen and Siddharth Suresh and Reuben Narad and Timothy T. Rogers and Lalit K Jain and Robert D Nowak and Bob Mankoff and Jifan Zhang},
      year={2025},
      eprint={2502.20356},
      archivePrefix={arXiv},
      primaryClass={cs.CL},
      url={https://arxiv.org/abs/2502.20356}, 
}

@article{jentzsch2023chatgptfunfunnyhumor,
      title={ChatGPT is fun, but it is not funny! Humor is still challenging Large Language Models}, 
      author={Sophie Jentzsch and Kristian Kersting},
      year={2023},
      eprint={2306.04563},
      archivePrefix={arXiv},
      primaryClass={cs.AI},
      url={https://arxiv.org/abs/2306.04563}, 
}

@article{richardson2023integratingsummarizationretrievalenhanced,
      title={Integrating Summarization and Retrieval for Enhanced Personalization via Large Language Models}, 
      author={Chris Richardson and Yao Zhang and Kellen Gillespie and Sudipta Kar and Arshdeep Singh and Zeynab Raeesy and Omar Zia Khan and Abhinav Sethy},
      year={2023},
      eprint={2310.20081},
      archivePrefix={arXiv},
      primaryClass={cs.CL},
      url={https://arxiv.org/abs/2310.20081}, 
}

@article{zhang2025personalizationlargelanguagemodels,
      title={Personalization of Large Language Models: A Survey}, 
      author={Zhehao Zhang and Ryan A. Rossi and Branislav Kveton and Yijia Shao and Diyi Yang and Hamed Zamani and Franck Dernoncourt and Joe Barrow and Tong Yu and Sungchul Kim and Ruiyi Zhang and Jiuxiang Gu and Tyler Derr and Hongjie Chen and Junda Wu and Xiang Chen and Zichao Wang and Subrata Mitra and Nedim Lipka and Nesreen Ahmed and Yu Wang},
      year={2025},
      eprint={2411.00027},
      archivePrefix={arXiv},
      primaryClass={cs.CL},
      url={https://arxiv.org/abs/2411.00027}, 
}

@book{lockhartslament,
      title={A Mathematician's Lament: How School Cheats Us Out of Our Most Fascinating and Imaginative Art Form},
      author={Paul Lockhart},
      year={2009},
      publisher={Bellevue Literary Press},
      isbn={978-1934137178},
}